<?xml version="1.0" encoding="UTF-8"?><collection xmlns="http://www.loc.gov/MARC21/slim"><record><leader>00511nam--2200193-i-4500</leader><controlfield tag="001">000027721</controlfield><controlfield tag="002">20161230</controlfield><controlfield tag="005">20161230201036</controlfield><controlfield tag="008">060222s1000------------r-----000-0-ita-d</controlfield><datafield ind1=" " ind2=" " tag="040"><subfield code="a">IFIN-HH</subfield></datafield><datafield ind1=" " ind2=" " tag="041"><subfield code="a">ita</subfield></datafield><datafield ind1=" " ind2=" " tag="080"><subfield code="a">621.039(4)</subfield></datafield><datafield ind1="1" ind2=" " tag="110"><subfield code="a">Comitato Nazionale Energia Nucleare</subfield></datafield><datafield ind1="1" ind2="0" tag="245"><subfield code="a">Europa e energia.1955</subfield><subfield code="b">Vol. 3</subfield></datafield><datafield ind1=" " ind2=" " tag="260"><subfield code="a">Roma</subfield><subfield code="b">Comitato Nazionale Energia Nucleare</subfield><subfield code="c">1962</subfield></datafield><datafield ind1=" " ind2=" " tag="300"><subfield code="a">XIX + 420P</subfield></datafield><datafield ind1=" " ind2=" " tag="490"><subfield code="a">Serie Documentazioni</subfield></datafield><datafield ind1=" " ind2=" " tag="852"><subfield code="a">44525</subfield><subfield code="c">H.H</subfield></datafield><datafield ind1=" " ind2=" " tag="CAT"><subfield code="a">Sys</subfield><subfield code="c">20130410</subfield><subfield code="h">173117</subfield></datafield></record></collection>